# -----------------------------------------------------------------
# References
# -----------------------------------------------------------------
#
# Notes:
#
# 1. Use \href for all the links, rather than url for the web links,
#    as it keeps the fonts in the final document the same
#    (url generates a true-type hyperlink)
#
# -----------------------------------------------------------------

# -----------------------------------------------------------------
# D
# -----------------------------------------------------------------

@misc{
	Digilent_Genesys_RM_2016,
	author={Digilent},
	note={\newline(\href{https://digilent.com/reference/_media/reference/programmable-logic/genesys/genesys_rm.pdf}
	      {genesys\_rm.pdf})},
	title={{Genesys FPGA Board Reference Manual (for Revision C hardware)}},
	month=apr,
	year={2016}
}

@misc{
	Digilent_Genesys_Sch_2010,
	author={Digilent},
	note={\newline(\href{https://digilent.com/reference/_media/reference/programmable-logic/genesys/genesys_sch.pdf}
	      {genesys\_sch.pdf})},
	title={{Genesys Schematic (Revision C)}},
	month=jan,
	year={2010}
}

# -----------------------------------------------------------------
# X
# -----------------------------------------------------------------


@misc{
	Xilinx_DS100_2015,
	author={Xilinx},
	note={\newline(\href{https://docs.xilinx.com/v/u/en-US/ds100}
	      {ds100.pdf})},
	title={{DS100: Virtex-5 Family Overview (v5.1)}},
	month=aug,
	year={2015}
}

@misc{
	Xilinx_UG1227_2020,
	author={Xilinx},
	note={\newline(\href{https://www.xilinx.com/content/dam/xilinx/support/documents/sw_manuals/xilinx14_7/ug1227-ise-vm-windows10.pdf}
	      {ug1227-ise-vm-windows10.pdf})},
	title={{UG1227: ISE 14.7 VM for Windows 10 User Guide (v14.7)}},
	month=feb,
	year={2020}
}

